@article{beckancient2014,
  title={Ancient dates or accelerated rates? {M}orphological clocks and the antiquity of placental mammals.},
  author={Beck, Robin M and Lee, Michael S},
  journal={Proceedings of the Royal Society B: Biological Sciences},
  volume={281},
  number={20141278},
  year={2014},
  pages={1-10},
  doi={10.1098/rspb.2014.1278},
  url={http://dx.doi.org/10.1098/rspb.2014.1278}
}

@article{GuillermeSTD,
  title={Mammalian morphological diversity does not increase in response to the Cretaceous-Paleogene mass extinction and the extinction of the (non-avian) dinosaurs.},
  author={Guillerme, Thomas and Cooper, Natalie},
  year={in prep.},
  url={https://github.com/TGuillerme/SpatioTemporal_Disparity/raw/master/Writing/STD_draft.pdf}
}

@article{Wills1994,
    Author = {Wills, Matthew A. and Briggs, Derek E. G. and Fortey, Richard A.},
    Cr = {Copyright \copyright  1994 Paleontological Society},
    Date = {1994/04/01},
    Date-Added = {2014-08-25 13:32:46 +0000},
    Date-Modified = {2014-08-25 13:32:46 +0000},
    Doi = {10.2307/2401014},
    Isbn = {00948373},
    Journal = {Paleobiology},
    M1 = {ArticleType: research-article / Full publication date: Spring, 1994 / Copyright {\copyright}1994 Paleontological Society},
    Month = {04},
    Number = {2},
    Pages = {93-130},
    Publisher = {Paleontological Society},
    Title = {Disparity as an Evolutionary Index: A Comparison of {C}ambrian and Recent Arthropods},
    Ty = {JOUR},
    Url = {http://www.jstor.org/stable/2401014},
    Volume = {20},
    Year = {1994},
    Bdsk-Url-1 = {http://www.jstor.org/stable/2401014},
    Bdsk-Url-2 = {http://dx.doi.org/10.2307/2401014}
}

@article{DonohueDim,
	Author = {Donohue, Ian and Petchey, Owen L. and Montoya, Jos{\'e} M. and Jackson, Andrew L. and McNally, Luke and Viana, Mafalda and Healy, Kevin and Lurgi, Miguel and O'Connor, Nessa E. and Emmerson, Mark C.},
	Doi = {10.1111/ele.12086},
	Issn = {1461-0248},
	Journal = {Ecology Letters},
	Keywords = {Ecosystem function, ellipsoid, extinction, invasion, multidimensional stability, persistence, resilience, resistance, robustness, variability},
	Number = {4},
	Pages = {421-429},
	Title = {On the dimensionality of ecological stability},
	Url = {http://dx.doi.org/10.1111/ele.12086},
	Volume = {16},
	Year = {2013},
	Bdsk-Url-1 = {http://dx.doi.org/10.1111/ele.12086}}

@article{finlay2015morphological,
  title={Morphological diversity in tenrecs (Afrosoricida, Tenrecidae): comparing tenrec skull diversity to their closest relatives},
  author={Finlay, Sive and Cooper, Natalie},
  journal={PeerJ},
  volume={3},
  pages={e927},
  year={2015},
  publisher={PeerJ Inc.}
}



@article {GuillermeCooper,
title = "Effects of missing data on topological inference using a {T}otal {E}vidence approach ",
journal = "Molecular Phylogenetics and Evolution ",
volume = "94, Part A",
number = "",
pages = "146-158",
year = "2016",
note = "",
issn = "1055-7903",
doi = "http://dx.doi.org/10.1016/j.ympev.2015.08.023",
url = "http://www.sciencedirect.com/science/article/pii/S1055790315002547",
author = "Thomas Guillerme and Natalie Cooper",
}

@article {OReilly2016,
	author = {O{\textquoteright}Reilly, Joseph E. and Puttick, Mark N. and Parry, Luke and Tanner, Alastair R. and Tarver, James E. and Fleming, James and Pisani, Davide and Donoghue, Philip C. J.},
	title = {Bayesian methods outperform parsimony but at the expense of precision in the estimation of phylogeny from discrete morphological data},
	volume = {12},
	number = {4},
	year = {2016},
	doi = {10.1098/rsbl.2016.0081},
	publisher = {The Royal Society},
	abstract = {Different analytical methods can yield competing interpretations of evolutionary history and, currently, there is no definitive method for phylogenetic reconstruction using morphological data. Parsimony has been the primary method for analysing morphological data, but there has been a resurgence of interest in the likelihood-based Mk-model. Here, we test the performance of the Bayesian implementation of the Mk-model relative to both equal and implied-weight implementations of parsimony. Using simulated morphological data, we demonstrate that the Mk-model outperforms equal-weights parsimony in terms of topological accuracy, and implied-weights performs the most poorly. However, the Mk-model produces phylogenies that have less resolution than parsimony methods. This difference in the accuracy and precision of parsimony and Bayesian approaches to topology estimation needs to be considered when selecting a method for phylogeny reconstruction.},
	issn = {1744-9561},
	URL = {http://rsbl.royalsocietypublishing.org/content/12/4/20160081},
	eprint = {http://rsbl.royalsocietypublishing.org/content/12/4/20160081.full.pdf},
	journal = {Biology Letters}
}

@article{puttick2017uncertain,
  title={Uncertain-tree: discriminating among competing approaches to the phylogenetic analysis of phenotype data},
  author={Puttick, Mark N and O'Reilly, Joseph E and Tanner, Alastair R and Fleming, James F and Clark, James and Holloway, Lucy and Lozano-Fernandez, Jesus and Parry, Luke A and Tarver, James E and Pisani, Davide and others},
  journal={Proceedings of the Royal Society B},
  volume={284},
  number={1846},
  pages={20162290},
  year={2017},
  organization={The Royal Society}
}

@article{OReilly2017,
  title={Probabilistic methods surpass parsimony when assessing clade support in phylogenetic analyses of discrete morphological data},
  author={O'Reilly, Joseph E and Puttick, Mark N and Pisani, Davide and Donoghue, Philip CJ},
  journal={Palaeontology},
  year={2017},
  publisher={Wiley Online Library}
}

@article{diaz2016global,
  title={The global spectrum of plant form and function},
  author={D{\'\i}az, Sandra and Kattge, Jens and Cornelissen, Johannes HC and Wright, Ian J and Lavorel, Sandra and Dray, St{\'e}phane and Reu, Bj{\"o}rn and Kleyer, Michael and Wirth, Christian and Prentice, I Colin and others},
  journal={Nature},
  volume={529},
  number={7585},
  pages={167},
  year={2016},
  publisher={Nature Publishing Group}
}

@article{paradisape2004,
  title={{APE:} Analyses of Phylogenetics and Evolution in {R} language.},
  author={Paradis, Emmanuel and Claude, Julien and Strimmer, Korbinian},
  journal={Bioinformatics},
  volume={20},
  number={2},
  pages={289-290},
  year={2004},
  url={http://bioinformatics.oxfordjournals.org/content/20/2/289.short}
}

@article{fitzjohndiversitree2012,
  author={FitzJohn, Richard G.},
  title={Diversitree: comparative phylogenetic analyses of diversification in {R}},
  journal={Methods in Ecology and Evolution},
  volume={3},
  number={6},
  publisher={Blackwell Publishing Ltd},
  issn={2041-210X},
  url={http://dx.doi.org/10.1111/j.2041-210X.2012.00234.x},
  doi={10.1111/j.2041-210X.2012.00234.x},
  pages={1084-1092},
  keywords={birthâ€“death process, comparative methods, extinction, macroevolution, speciation},
  year={2012}
}

@article{HKY85,
   author={Hasegawa, M. and Kishino, H. and Yano, T. A.},
   title={Dating of the Human Ape Splitting by a Molecular Clock of Mitochondrial-{D}{N}{A}},
   journal={Journal of Molecular Evolution},
   volume={22},
   number={2},
   pages={160-174},
   year={1985}
}

@article{lewisa2001,
	Author = {Lewis, P.},
	Doi = {10.1080/106351501753462876},
	Journal = {Systematic Biology},
	Number = {6},
	Pages = {913-925},
	Title = {A likelihood approach to estimating phylogeny from discrete morphological character data.},
	Url = {http://dx.doi.org/10.1080/106351501753462876},
	Volume = {50},
	Year = {2001},
	Bdsk-Url-1 = {http://dx.doi.org/10.1080/106351501753462876}}
